@article{baruah2004dynamic,
  author    = {S. Baruah and G. Lipari and L. Abeni},
  title     = {Dynamic Scheduling with Constant Bandwidth Servers},
  journal   = {IEEE Transactions on Computers},
  volume    = {53},
  number    = {8},
  pages     = {1016--1028},
  year      = {2004}
}

@book{buttazzo2011hard,
  author    = {Giorgio C. Buttazzo},
  title     = {Hard Real-Time Computing Systems: Predictable Scheduling Algorithms and Applications},
  publisher = {Springer Science \& Business Media},
  edition   = {3},
  year      = {2011}
}

@article{liu1973scheduling,
  author    = {C. L. Liu and J. W. Layland},
  title     = {Scheduling Algorithms for Multiprogramming in a Hard-Real-Time Environment},
  journal   = {Journal of the ACM},
  volume    = {20},
  number    = {1},
  pages     = {46--61},
  year      = {1973}
}

@inproceedings{abeni1998integrating,
  author    = {L. Abeni and G. Buttazzo},
  title     = {Integrating Multimedia Applications in Hard Real-Time Systems},
  booktitle = {Proceedings of the 19th IEEE Real-Time Systems Symposium (RTSS)},
  pages     = {4--13},
  year      = {1998}
}

@article{cucinotta2009providing,
  author    = {T. Cucinotta and D. Faggioli and G. Lipari},
  title     = {Providing Constant Bandwidth Server-based Scheduling Abstractions in Linux},
  journal   = {Real-Time Systems},
  volume    = {42},
  number    = {1},
  pages     = {41--76},
  year      = {2009}
}
